\begin{thebibliography}{10}

@MastersThesis{vistraff,
author = {Thomas Fotherby},
title = {Visual Traffic Simulation},
school = {Imperial College London},
year = {2002},
}

@inproceedings{namekawal,
  title={General purpose road traffic simulation system with a cell automaton model},
  author={Namekawa, M and Ueda, F and Hioki, Y and Ueda, Y and Satoh, A},
  booktitle={International Congress on Modelling and Simulation (MODSIM05), Melbourne, Australia},
  year={2005}
}

@online{traff,
  author = {Cheon et al.},
  title = {Discrete Models of Traffic Flow},
  year = 2005,
  url = {http://www.kochi-tech.ac.jp/~cheon/traffic_e/traff_e001.html},
  urldate = {2015-02-09}
}

\end{thebibliography