@book{eckermann2001world,
  title={World History of the Automobile},
  author={Eckermann, E.},
  isbn={9780768008005},
  lccn={01034148},
  url={https://books.google.co.uk/books?id=yLZeQwqNmdgC},
  year={2001},
  publisher={Society of Automotive Engineers}
}
@Misc{benzpatent,
	author = {Benz \& Co},
	title = {Fahrzeug mit Gasmotorenbetrieb},
	howpublished = {Patent},
	month = {January},
	year = {1886},
}
@inproceedings{blunden1983congestion,
  title={Congestion-friend or foe?},
  author={Blunden, WR},
  booktitle={University of Wollongong Vice-Chancellor's Seminar, 1983 Wollongong, New South Wales, Australia},
  year={1983}
}
@book{miller2001car,
  title={Car cultures},
  author={Miller, D.},
  isbn={9781859734070},
  series={Materializing culture},
  url={https://books.google.co.uk/books?id=tREpAQAAMAAJ},
  year={2001},
  publisher={Berg}
}
@article{berdahl2000go,
  title={" Go, Trabi, Go!": Reflections on a Car and Its Symbolization over Time},
  author={Berdahl, Daphne},
  journal={Anthropology and Humanism},
  volume={25},
  number={2},
  pages={131--141},
  year={2000},
  publisher={Wiley Online Library}
}
@book{rathi1986freesim,
  title={FREESIM: A MICROSCOPIC SIMULATION MODEL OF FREEWAY LANE CLOSURES (ABRIDGMENT)},
  author={Rathi, Ajay K and Nemeth, Zoltan A},
  number={1091},
  year={1986}
}
@article{ross1988some,
  title={Some properties of macroscopic traffic models},
  author={Ross, Paul},
  journal={Transportation Research Record},
  number={1194},
  year={1988}
}
@article{michalopoulos1991enhancement,
  title={Enhancement and field testing of a dynamic freeway simulation program},
  author={Michalopoulos, Panos and Kwon, Eil and Kang, Jeong-Gyu},
  journal={Transportation Research Record},
  number={1320},
  year={1991}
}
@misc{EM1,
  title = {Simulation of urban mobility},
  howpublished = {http://sumo.sourceforge.net/ },
  note = {Accessed: 2015-03-20},
}
@misc{EM2,
  title = {TSS - Traffic Simulation Systems},
  howpublished = {http://www.aimsun.com/site/ },
  note = {Accessed: 2015-03-22},
}
@misc{EM3,
  title = {Quadstone Paramics},
  howpublished = {http://www.paramicsonline.com/},
  note = {Accessed: 2015-03-22},
}
@Unpublished{init,
	author = {The Undecided},
	title = {Initial project report},
	note = {Our own work},
	month = {Feb},
	year = {2015},
}

